@misc{inria,
    author = {Chagué, Alix and Martini, Manuela and Le Fourner, Victoria and Villemonte de la Clergerie, Éric},
    title = {Deux siècles de sources disparates sur l'industrie textile en France : comment automatiser les traitements d'un corpus non-uniforme ?},
    year = {2020}
}